%% This BibTeX bibliography file was created using BibDesk.
%% http://bibdesk.sourceforge.net/


%% Created for Jeppe Knudsen at 2018-09-11 15:17:40 +0200 


%% Saved with string encoding Unicode (UTF-8) 


@comment{jabref-meta: databaseType:biblatex;}



@book{WEB:MeasuringUX,
	Author = {William Albert and Thomas Tullis},
	Date-Added = {2018-09-11 15:06:41 +0200},
	Date-Modified = {2018-09-11 15:17:39 +0200},
	Edition = {2},
	Publisher = {Elsevier Science & Technology},
	Series = {Interactive Technologies Series},
	Title = {Measuring the User Experience: Collecting, Analyzing and presenting Usability Metrics},
	Year = {2013}}

@book{PDF:DonNorman,
	Author = {Don Norman},
	Date-Added = {2018-09-11 15:04:46 +0200},
	Date-Modified = {2018-09-11 15:06:36 +0200},
	Publisher = {New York: Basic Books},
	Title = {The Design of Everyday Things: Revised and Expanded Edition},
	Year = {2013}}
